<record><leader>00000cas a22000007a 4500</leader><controlfield tag="001">25107635</controlfield><controlfield tag="008">920114d18761uuulauwr ne      0    0eng d</controlfield><datafield ind1=" " ind2=" " tag="010"><subfield code="a">sn 91099513 </subfield></datafield><datafield ind1=" " ind2=" " tag="040"><subfield code="a">LNP</subfield><subfield code="b">eng</subfield><subfield code="c">LNP</subfield><subfield code="d">OCLCQ</subfield><subfield code="d">OCLCF</subfield><subfield code="d">OCLCO</subfield></datafield><datafield ind1="1" ind2=" " tag="029"><subfield code="a">AU@</subfield><subfield code="b">000025879606</subfield></datafield><datafield ind1=" " ind2=" " tag="042"><subfield code="a">msc</subfield></datafield><datafield ind1=" " ind2=" " tag="043"><subfield code="a">n-us-la</subfield></datafield><datafield ind1="0" ind2="0" tag="245"><subfield code="a">St. Charles weekly mirror.</subfield></datafield><datafield ind1="3" ind2="0" tag="246"><subfield code="a">Saint Charles weekly mirror</subfield></datafield><datafield ind1="3" ind2="0" tag="246"><subfield code="a">Weekly mirror</subfield></datafield><datafield ind1="1" ind2="3" tag="246"><subfield code="a">St. Charles mirror</subfield></datafield><datafield ind1=" " ind2=" " tag="260"><subfield code="a">Hahnville, La. :</subfield><subfield code="b">[Horace Vallas]</subfield></datafield><datafield ind1=" " ind2=" " tag="300"><subfield code="a">v.</subfield></datafield><datafield ind1=" " ind2=" " tag="310"><subfield code="a">Weekly</subfield></datafield><datafield ind1="0" ind2=" " tag="362"><subfield code="a">Vol. 1, no. 1 (Feb. 20, 1876)-</subfield></datafield><datafield ind1=" " ind2="0" tag="651"><subfield code="a">Hahnville (La.)</subfield><subfield code="v">Newspapers.</subfield></datafield><datafield ind1=" " ind2="7" tag="655"><subfield code="a">Newspapers.</subfield><subfield code="2">fast</subfield><subfield code="0">(OCoLC)fst01423814</subfield></datafield><datafield ind1=" " ind2="7" tag="651"><subfield code="a">Louisiana</subfield><subfield code="z">Hahnville.</subfield><subfield code="2">fast</subfield><subfield code="0">(OCoLC)fst01234027</subfield></datafield><datafield ind1=" " ind2=" " tag="752"><subfield code="a">United States</subfield><subfield code="b">Louisiana</subfield><subfield code="c">Saint Charles</subfield><subfield code="d">Hahnville.</subfield></datafield></record>